<record><leader>00000cas a22000007a 4500</leader><controlfield tag="001">16677021</controlfield><controlfield tag="008">870914u1938uuuutxumr ne      0    0eng d</controlfield><datafield ind1=" " ind2=" " tag="010"><subfield code="a">sn 87090723 </subfield></datafield><datafield ind1=" " ind2=" " tag="040"><subfield code="a">PPM</subfield><subfield code="b">eng</subfield><subfield code="c">PPM</subfield><subfield code="d">OCLCQ</subfield></datafield><datafield ind1=" " ind2=" " tag="042"><subfield code="a">msc</subfield></datafield><datafield ind1="0" ind2=" " tag="130"><subfield code="a">Social justice (Waco, Texas)</subfield></datafield><datafield ind1="1" ind2="0" tag="245"><subfield code="a">Social justice.</subfield></datafield><datafield ind1=" " ind2=" " tag="260"><subfield code="a">Waco, Tex. :</subfield><subfield code="b">Social Security Assoc. of Texas,</subfield><subfield code="c">1938-</subfield></datafield><datafield ind1=" " ind2=" " tag="310"><subfield code="a">Monthly</subfield></datafield><datafield ind1="0" ind2=" " tag="362"><subfield code="a">Vol. 1, no. 1 (Apr., 1938)-</subfield></datafield><datafield ind1=" " ind2=" " tag="752"><subfield code="a">United States</subfield><subfield code="b">Texas</subfield><subfield code="c">McLennan</subfield><subfield code="d">Waco.</subfield></datafield><datafield ind1="1" ind2=" " tag="029"><subfield code="a">AU@</subfield><subfield code="b">000025828677</subfield></datafield></record>